@article{guibas1985,
  author = {Guibas, Leonidas and Stolfi, Jorge},
  title = {Primitives for the Manipulation of General Subdivisions and the Computation of Voronoi Diagrams},
  year = {1985},
  month = {04},
  pages = {74-123},
  volume = {4},
  journal = {ACM Transactions on Graphics},
  doi = {10.1145/282918.282923},
  url = {http://sccg.sk/~samuelcik/dgs/quad_edge.pdf},
  urldate = {2020-11-07}
}

@report{lischinski1993,
  author = {Lischinski, Dani},
  title = {Incremental Delaunay Triangulation},
  year = {1993},
  publisher = {Academic Press, Inc.},
  url = {http://www.karlchenofhell.org/cppswp/lischinski.pdf},
  urldate = {2020-11-07}
}

@article{watson1981,
  author = {Watson, D. F.},
  title = {Computing the $n$-Dimensional Delaunay Tessellation with Application to Voronoi Polytopes},
  year = {1981},
  pages = {167-172},
  volume = {24},
  journal = {The Computer Journal},
  doi = {10.1093/comjnl/24.2.167}
}

@article{bowyer1981,
  author = {Bowyer, A.},
  title = {Computing Dirichlet Tessellations},
  year = {1981},
  pages = {162-166},
  volume = {24},
  journal = {The Computer Journal},
  doi = {10.1093/comjnl/24.2.162}
}

@report{burnikel1998,
  author = {Burnikel, Christoph},
  title = {Delaunay Graphs by Divide and Conquer},
  year = {1998},
  month = {October},
  publisher = {Max-Planck-Institut f√ºr Informatik},
  url = {https://pure.mpg.de/rest/items/item_1819432_4/component/file_2599484/content},
  urldate = {2020-11-07}
}

@online{shewchuk,
  author = {Shewchuk, Jonathan Richard},
  title = {Triangle: Engineering a 2D Quality Mesh Generator and Delaunay Triangulator},
  url = {https://people.eecs.berkeley.edu/~jrs/papers/triangle.pdf},
  urldate = {2020-11-07}
}

@article{dwyer1987,
  author = {Dwyer, Rex A.},
  title = {A Faster Divide-and-Conquer Algorithm for Constructing Delaunay Triangulations},
  year = {1987},
  month = {11},
  pages = {137-151},
  volume = {2},
  journal = {Algorithmica},
  publisher = {Springer-Verlag New York Inc.},
  doi = {10.1007/BF01840356}
}

@article{fuetterling2014,
  author = {Fuetterling, V. and C. Lojewski and F.-J. Pfreundt},
  title = {High-Performance Delaunay Triangulation for Many-Core Computers},
  year = {2014},
  pages = {97-104},
  volume = {2014},
  journal = {High Performance Graphics},
  doi = {10.2312/hpg.20141098}
}

@article{lee1980,
  author = {Lee, D. T. and B. J. Schachter},
  title = {Two Algorithms for Constructing a Delaunay Triangulation},
  year = {1980},
  pages = {219-242},
  volume = {9},
  journal = {International Journal of Computer and Information Sciences},
  doi = {10.1007/BF00977785}
}

@article{cignoni1998,
  author = {Cignoni, P. and C. Montani and R. Scopigno},
  title = {DeWall: A Fast Divide-and-Conquer Delaunay Triangulation Algorithm in $E^d$},
  year = {1998},
  pages = {333-341},
  volume = {30},
  journal = {Computer-Aided Design},
  doi = {10.1016/S0010-4485(97)00082-1}
}

@article{katajainen1988,
  author = {Katajainen, Jyrki and Markku Koppinen},
  title = {Constructing Delaunay Triangulations by Merging Buckets in Quad-Tree Order},
  year = {1988},
  month = {04},
  pages = {275-288},
  volume = {11},
  journal = {Fundamenta Informaticae}
}

@article{deb2002,
  author={Kalyanmoy Deb and Amrit Pratap and Sameer Agarwal and T. Meyarivan},
  title={A Fast and Elitist Multiobjective Genetic Algorithm: NSGA-II},
  journal={IEEE Transactions on Evolutionary Computation},
  year={2002},
  volume={6},
  pages={182-197},
  doi={10.1109/4235.996017}
}

@techreport{deb1998,
  author = {Deb, Kalyanmoy},
  title = {Multi-Objective Genetic Algorithms: Problem Difficulties and Construction of Test Problems},
  year = {1998},
  number = {CI-49/98},
  institution = {Department of Computer Science/XI, University of Dortmund},
  address = {Dortmund, Germany},
  doi = {10.1162/evco.1999.7.3.205}
}

@article{zitzler2000,
  author = {Eckart Zitzler and Kalyanmoy Deb and Lothar Thiele},
  title = {Comparison of Multiobjective Evolutionary Algorithms: Empirical Results},
  year = {2000},
  month = {2},
  volume = {8},
  number = {2},
  pages = {173-195},
  journal = {Evolutionary Computation},
  doi = {10.1162/106365600568202}
}

@article{konak2006,
  author = {Abdullah Konak and David W. Coit and Alice E. Smith},
  title = {Multi-objective Optimization Using Genetic Algorithms: A Tutorial},
  journal = {Reliability Engineering and System Safety},
  year = {2006},
  month = {1},
  volume = {91},
  pages = {992-1007},
  doi = {10.1016/j.ress.2005.11.018}
}

@article{srinivas1994,
  author = {N. Srinivas and Kalyanmoy Deb},
  title = {Multiobjective Optimization Using Nondominated Sorting in Genetic Algorithms},
  journal = {Evolutionary Computation},
  volume = {2},
  number = {3},
  pages = {221-248},
  year = {1994},
  doi = {10.1162/evco.1994.2.3.221}
}

@article{zitzler2001,
  author = {Zitzler, Eckart and Laumanns, Marco and Thiele, Lothar},
  title = {SPEA2: Improving the Strength Pareto Evolutionary Algorithm},
  year = {2001},
  month = {07},
  volume = {103},
  journal = {TIK-Report},
  url = {https://people.ee.ethz.ch/~sop/publicationListFiles/zlt2001a.pdf},
  urldate = {2021-01-21}
}

@article{deb2014,
  author = {Deb, Kalyanmoy and Himanshu Jain},
  title = {An Evolutionary Many-Objective Optimization Algorithm Using Reference-Point Based Non-Dominated Sorting Approach, Part I: Solving Problems with Box Constraints},
  year = {2014},
  journal = {IEEE Transactions on Evolutionary Computation},
  volume = {18},
  number = {4},
  pages = {577-601},
  doi = {10.1109/TEVC.2013.2281535}
}

@article{jain2014,
  author={Himanshu Jain and Kalyanmoy Deb},
  title={An Evolutionary Many-Objective Optimization Algorithm Using Reference-Point Based Non-Dominated Sorting Approach, Part II: Handling Constraints and Extending to an Adaptive Approach},
  journal={IEEE Transactions on Evolutionary Computation},
  year={2014},
  volume={18},
  number={4},
  pages={602-622},
  doi={10.1109/TEVC.2013.2281534}
}

@inproceedings{legriel2010,
  author = {Julien Legriel and Colas Le Guernic and Scott Cotton and Oded Maler},
  title = {Approximating the Pareto Front of Multi-Criteria Optimization Problems},
  booktitle = {Tools and Algorithms for the Construction and Analysis of Systems},
  year = {2010},
  publisher = {Springer Berlin Heidelberg},
  pages = {69-83},
  doi = {10.1007/978-3-642-12002-2_6},
  isbn = {978-3-642-12002-2}
}

@article{ibrahim2018,
  author = {Amin Ibrahim and Shahryar Rahnamayan and Miguel Vargas Martin and Kalyanmoy Deb},
  title = {3D-RadVis Antenna: Visualization and Performance Measure for Many-Objective Optimization},
  year = {2018},
  journal = {Swarm and Evolutionary Computation},
  volume = {39},
  pages = {157-176},
  doi = {10.1016/j.swevo.2017.09.011}
}